<record><leader>00000cas a22000007a 4500</leader><controlfield tag="001">15465521</controlfield><controlfield tag="008">870331c18979999iauwr ne      0    0eng d</controlfield><datafield ind1=" " ind2=" " tag="010"><subfield code="a">sn 88059764 </subfield></datafield><datafield ind1=" " ind2=" " tag="040"><subfield code="a">INP</subfield><subfield code="b">eng</subfield><subfield code="c">INP</subfield><subfield code="d">OCLCQ</subfield></datafield><datafield ind1=" " ind2=" " tag="042"><subfield code="a">msc</subfield></datafield><datafield ind1="0" ind2="4" tag="245"><subfield code="a">The Guttenberg press.</subfield></datafield><datafield ind1=" " ind2=" " tag="260"><subfield code="a">Guttenberg, Iowa :</subfield><subfield code="b">S. Miller</subfield></datafield><datafield ind1=" " ind2=" " tag="300"><subfield code="a">v.</subfield></datafield><datafield ind1=" " ind2=" " tag="310"><subfield code="a">Weekly</subfield></datafield><datafield ind1="0" ind2=" " tag="362"><subfield code="a">Vol. 1, no. 1 (Jan. 6, 1897)-</subfield></datafield><datafield ind1=" " ind2=" " tag="500"><subfield code="a">Publisher varies.</subfield></datafield><datafield ind1=" " ind2=" " tag="500"><subfield code="a">Includes section called: The Garnavillo tribune, Oct. 20, 1932-Mar. 9, 1933; The Garnavillo section, Mar. 16, 1933-</subfield></datafield><datafield ind1="0" ind2=" " tag="730"><subfield code="a">Garnavillo tribune.</subfield></datafield><datafield ind1="0" ind2=" " tag="730"><subfield code="a">Garnavillo section.</subfield></datafield><datafield ind1=" " ind2=" " tag="752"><subfield code="a">United States</subfield><subfield code="b">Iowa</subfield><subfield code="c">Clayton</subfield><subfield code="d">Guttenberg.</subfield></datafield><datafield ind1=" " ind2=" " tag="752"><subfield code="a">United States</subfield><subfield code="b">Iowa</subfield><subfield code="c">Clayton</subfield><subfield code="d">Garnavillo.</subfield></datafield><datafield ind1="0" ind2="5" tag="780"><subfield code="t">Garnavillo tribune</subfield><subfield code="w">(DLC)sn 87058102</subfield></datafield><datafield ind1="1" ind2=" " tag="029"><subfield code="a">AU@</subfield><subfield code="b">000025806908</subfield></datafield></record>